@book{gagne1970,
  title     = {Conditions of Learning},
  author    = {Robert M. Gagn√©},
  edition   = {2},
  isbn      = {9780030803307},
  year      = {1970},
  publisher = {Holt,Rinehart \& Winston of Canada Ltd}
}
@book{slavin2017,
  title     = {Educational Psychology: Theory and Practice},
  author    = {Robert E. Slavin},
  edition   = {12},
  isbn      = {9780134524054},
  year      = {2017},
  publisher = {Pearson}
}
@inproceedings{blackwell2002programming,
  title        = {What is programming?},
  author       = {Blackwell, Alan F},
  booktitle    = {PPIG},
  pages        = {20},
  year         = {2002},
  organization = {Citeseer}
}
@book{hartree2012calculating,
  title     = {Calculating instruments and machines},
  author    = {Hartree, Douglas R},
  year      = {1950},
  isbn      = {9781107630659},
  publisher = {Cambridge University Press}
}